
@article{offer2025,
	title = {Prevalence and predictors of medical information avoidance: a systematic review and meta-analysis},
	author = {Offer, Konstantin and Oglanova, Natalia and Oswald, Lisa and Hertwig, Ralph},
	year = {2025},
	date = {2025},
	journal = {Annals of Behavioral Medicine},
	volume = {59},
	number = {1},
	doi = {10.1093/abm/kaaf058},
	url = {http://dx.doi.org/10.1093/abm/kaaf058},
	langid = {en}
}

@article{johnson2018,
	title = {Why do people believe in a zero-sum economy?},
	author = {Johnson, Samuel G. B.},
	year = {2018},
	date = {2018},
	journal = {Behavioral and Brain Sciences},
	volume = {41},
	doi = {10.1017/s0140525x18000389},
	url = {http://dx.doi.org/10.1017/S0140525X18000389},
	langid = {en}
}

@article{obrien2024,
	title = {Why do people avoid health risk information? A qualitative analysis},
	author = {{O'Brien}, Abigail G. and Meese, William B. and Taber, Jennifer M. and Johnson, Angela E. and Hinojosa, Bianca M. and Burton, Raven and Ranjan, Sheemrun and Rodarte, Evelyn D. and Coward, Charlie and Howell, Jennifer L.},
	year = {2024},
	month = {12},
	date = {2024-12},
	journal = {SSM - Qualitative Research in Health},
	pages = {100461},
	volume = {6},
	doi = {10.1016/j.ssmqr.2024.100461},
	url = {http://dx.doi.org/10.1016/j.ssmqr.2024.100461},
	langid = {en}
}


@article{kannan2014,
	title = {Predictors of Avoiding Medical Care and Reasons for Avoidance Behavior},
	author = {Kannan, Viji Diane and Veazie, Peter J.},
	year = {2014},
	month = {04},
	date = {2014-04},
	journal = {Medical Care},
	pages = {336--345},
	volume = {52},
	number = {4},
	doi = {10.1097/mlr.0000000000000100},
	url = {http://dx.doi.org/10.1097/MLR.0000000000000100},
	langid = {en}
}

@article{McCarty2025, 
  title = {The Quantitative Playbook for Public Health Research in R.},
  author = {McCarty, S.},
  year = {2025},
  url = {https://shanemccarty.github.io/FRIplaybook/},
  langid = {en}
}


